% forgery detection quantization cumulation
@article{4773149, 
author={Farid, H.}, 
journal={Information Forensics and Security, IEEE Transactions on}, 
title={Exposing Digital Forgeries From JPEG Ghosts}, 
year={2009}, 
month={March}, 
volume={4}, 
number={1}, 
pages={154-160}, 
keywords={data compression;image coding;image resolution;security of data;JPEG compression quality;JPEG ghosts;digital forgeries;image resolution;Digital forensics;digital tampering}, 
doi={10.1109/TIFS.2008.2012215}, 
ISSN={1556-6013}
}

% forgery detection
@article{kornblum2008using,
  title={Using JPEG quantization tables to identify imagery processed by software},
  author={Kornblum, Jesse D},
  journal={digital investigation},
  volume={5},
  pages={S21--S25},
  year={2008},
  publisher={Elsevier}
}

% technical report JPEG quantization
@techreport{farid1,
  title={Digital image ballistics from JPEG quantization},
  author={Farid, Hany},
  year = {2006},
  institution = {Dartmouth College, Department of Computer Science}
}
% follow up study 
@article{farid2008digital,
  title={Digital image ballistics from JPEG quantization: A followup study},
  author={Farid, Hany},
  journal={Department of Computer Science, Dartmouth College, Tech. Rep. TR2008-638},
  year={2008}
}


% survey on passive technologies
@article{luo2007survey,
  title={A survey of passive technology for digital image forensics},
  author={Luo, Weiqi and Qu, Zhenhua and Pan, Feng and Huang, Jiwu},
  journal={Frontiers of Computer Science in China},
  volume={1},
  number={2},
  pages={166--179},
  year={2007},
  publisher={Springer}
}

% survey on camera identification and forgery detection methods
@inproceedings{van2007survey,
  title={A survey on digital camera image forensic methods},
  author={Van Lanh, Tran and Chong, Kai-Sen and Emmanuel, Sabu and Kankanhalli, Mohan S},
  booktitle={Multimedia and Expo, 2007 IEEE International Conference on},
  pages={16--19},
  year={2007},
  organization={IEEE}
}

% statistics digital camera
@misc{futuresource,
  author = {{Futuresource Consulting}},
  title = {\textit{Digital cameras in decline, though interchangeable lens segment sees growth}},
  howpublished = {Press Release},
  month = {November},
  year = {2013},
  note = {\url{http://www.futuresource-consulting.com/2013-11Cameraspressrelease.html}}
}

% white paper from facebook

@misc{whitefacebook,
  author = {},
  title = {\textit{A Focus on Efficiency}},
  howpublished = {White Paper},
  month = {September},
  year = {2013},
  note = {\url{https://fbcdn-dragon-a.akamaihd.net/hphotos-ak-ash3/851560_196423357203561_929747697_n.pdf}
}
