% CART decision tree
@article{breiman1983cart,
  title={CART: Classification and regression trees},
  author={Breiman, Leo and Friedman, Jerome and Olshen, Richard and Stone, Charles and Steinberg, D and Colla, P},
  journal={Wadsworth: Belmont, CA},
  volume={156},
  year={1983}
}

% jpeg compression
@article{wallace1992jpeg,
  title={The JPEG still picture compression standard},
  author={Wallace, Gregory K},
  journal={Consumer Electronics, IEEE Transactions on},
  volume={38},
  number={1},
  pages={xviii--xxxiv},
  year={1992},
  publisher={IEEE}
}

% dresden image database
@inproceedings{Gloe:2010aa,
author={Thomas Gloe and Rainer BÃ¶hme},
title={The `{D}resden {I}mage {D}atabase' for Benchmarking Digital Image Forensics},
booktitle={Proceedings of the 25th Symposium On Applied Computing (ACM SAC 2010)},
pages={1585--1591},
volume={2},
year={2010}}

% scikit learn
@article{scikit-learn,
 title={Scikit-learn: Machine Learning in {P}ython},
 author={Pedregosa, F. and Varoquaux, G. and Gramfort, A. and Michel, V.
         and Thirion, B. and Grisel, O. and Blondel, M. and Prettenhofer, P.
         and Weiss, R. and Dubourg, V. and Vanderplas, J. and Passos, A. and
         Cournapeau, D. and Brucher, M. and Perrot, M. and Duchesnay, E.},
 journal={Journal of Machine Learning Research},
 volume={12},
 pages={2825--2830},
 year={2011}
}

% forgery detection quantization cumulation
@article{4773149, 
author={Farid, H.}, 
journal={Information Forensics and Security, IEEE Transactions on}, 
title={Exposing Digital Forgeries From JPEG Ghosts}, 
year={2009}, 
month={March}, 
volume={4}, 
number={1}, 
pages={154-160}, 
keywords={data compression;image coding;image resolution;security of data;JPEG compression quality;JPEG ghosts;digital forgeries;image resolution;Digital forensics;digital tampering}, 
doi={10.1109/TIFS.2008.2012215}, 
ISSN={1556-6013}
}

% forgery detection
@article{kornblum2008using,
  title={Using JPEG quantization tables to identify imagery processed by software},
  author={Kornblum, Jesse D},
  journal={digital investigation},
  volume={5},
  pages={S21--S25},
  year={2008},
  publisher={Elsevier}
}

% technical report JPEG quantization
@techreport{farid1,
  title={Digital image ballistics from JPEG quantization},
  author={Farid, Hany},
  year = {2006},
  institution = {Dartmouth College, Department of Computer Science}
}
% follow up study 
@article{farid2008digital,
  title={Digital image ballistics from JPEG quantization: A followup study},
  author={Farid, Hany},
  journal={Department of Computer Science, Dartmouth College, Tech. Rep. TR2008-638},
  year={2008}
}


% survey on passive technologies
@article{luo2007survey,
  title={A survey of passive technology for digital image forensics},
  author={Luo, Weiqi and Qu, Zhenhua and Pan, Feng and Huang, Jiwu},
  journal={Frontiers of Computer Science in China},
  volume={1},
  number={2},
  pages={166--179},
  year={2007},
  publisher={Springer}
}

% survey on camera identification and forgery detection methods
@inproceedings{van2007survey,
  title={A survey on digital camera image forensic methods},
  author={Van Lanh, Tran and Chong, Kai-Sen and Emmanuel, Sabu and Kankanhalli, Mohan S},
  booktitle={Multimedia and Expo, 2007 IEEE International Conference on},
  pages={16--19},
  year={2007},
  organization={IEEE}
}

% statistics digital camera
@misc{futuresource,
  author = {{Futuresource Consulting}},
  title = {\textit{Digital cameras in decline, though interchangeable lens segment sees growth}},
  howpublished = {Press Release},
  month = {November},
  year = {2013},
  note = {\url{http://www.futuresource-consulting.com/2013-11Cameraspressrelease.html}}
}

% white paper from facebook

@misc{whitefacebook,
  author = {},
  title = {\textit{A Focus on Efficiency}},
  howpublished = {White Paper},
  month = {September},
  year = {2013},
  note = {\url{https://fbcdn-dragon-a.akamaihd.net/hphotos-ak-ash3/851560_196423357203561_929747697_n.pdf}
}

% forgery detection quantization cumulation
@article{4773149, 
author={Farid, H.}, 
journal={Information Forensics and Security, IEEE Transactions on}, 
title={Exposing Digital Forgeries From JPEG Ghosts}, 
year={2009}, 
month={March}, 
volume={4}, 
number={1}, 
pages={154-160}, 
keywords={data compression;image coding;image resolution;security of data;JPEG compression quality;JPEG ghosts;digital forgeries;image resolution;Digital forensics;digital tampering}, 
doi={10.1109/TIFS.2008.2012215}, 
ISSN={1556-6013}
}

% forgery detection
@article{kornblum2008using,
  title={Using JPEG quantization tables to identify imagery processed by software},
  author={Kornblum, Jesse D},
  journal={digital investigation},
  volume={5},
  pages={S21--S25},
  year={2008},
  publisher={Elsevier}
}

% technical report JPEG quantization
@techreport{farid1,
  title={Digital image ballistics from JPEG quantization},
  author={Farid, Hany},
  year = {2006},
  institution = {Dartmouth College, Department of Computer Science}
}
% follow up study 
@article{farid2008digital,
  title={Digital image ballistics from JPEG quantization: A followup study},
  author={Farid, Hany},
  journal={Department of Computer Science, Dartmouth College, Tech. Rep. TR2008-638},
  year={2008}
}


% survey on passive technologies
@article{luo2007survey,
  title={A survey of passive technology for digital image forensics},
  author={Luo, Weiqi and Qu, Zhenhua and Pan, Feng and Huang, Jiwu},
  journal={Frontiers of Computer Science in China},
  volume={1},
  number={2},
  pages={166--179},
  year={2007},
  publisher={Springer}
}

% survey on camera identification and forgery detection methods
@inproceedings{van2007survey,
  title={A survey on digital camera image forensic methods},
  author={Van Lanh, Tran and Chong, Kai-Sen and Emmanuel, Sabu and Kankanhalli, Mohan S},
  booktitle={Multimedia and Expo, 2007 IEEE International Conference on},
  pages={16--19},
  year={2007},
  organization={IEEE}
}

% statistics digital camera
@misc{futuresource,
  author = {{Futuresource Consulting}},
  title = {\textit{Digital cameras in decline, though interchangeable lens segment sees growth}},
  howpublished = {Press Release},
  month = {November},
  year = {2013},
  note = {\url{http://www.futuresource-consulting.com/2013-11Cameraspressrelease.html}}
}

% white paper from facebook

@misc{whitefacebook,
  author = {},
  title = {\textit{A Focus on Efficiency}},
  howpublished = {White Paper},
  month = {September},
  year = {2013},
  note = {\url{https://fbcdn-dragon-a.akamaihd.net/hphotos-ak-ash3/851560_196423357203561_929747697_n.pdf}}
}


@inproceedings{Oghina,
 author = {Oghina, Andrei and Breuss, Mathias and Tsagkias, Manos and de Rijke, Maarten},
 title = {Predicting IMDB movie ratings using social media},
 booktitle = {Proceedings of the 34th European conference on Advances in Information Retrieval},
 series = {ECIR'12},
 year = {2012},
 isbn = {978-3-642-28996-5},
 location = {Barcelona, Spain},
 pages = {503--507},
 numpages = {5},
 url = {http://dx.doi.org/10.1007/978-3-642-28997-2_51},
 doi = {10.1007/978-3-642-28997-2_51},
 acmid = {2260703},
 publisher = {Springer-Verlag},
 address = {Berlin, Heidelberg},
} 


% Collaborative Activity classification
@article{activity_colab,
  title={Collaborative Boosting for Activity Classification in Microblogs},
  author={Song, Yangqiu and Lu, Zhengdong and Leung, Cane Wing-ki and Yang, Qiang},
  year={2013}
}

% FROG
@inproceedings{frog,
  title={An efficient memory-based morphosyntactic tagger and parser for Dutch},
  author={Van den Bosch, Antal and Busser, Bertjan and Canisius, Sander and Daelemans, Walter},
  booktitle={Computational linguistics in the Netherlands: Selected papers from the Seventeenth CLIN Meeting},
  pages={99--114},
  year={2007}
}

% POS TAG explanation!!
@article{postags,
  title={Part of speech tagging en lemmatisering van het corpus gesproken nederlands},
  author={Van Eynde, Frank},
  journal={KU Leuven},
  year={2004}
}

% LDA 
@incollection{Newman,
  title={Analyzing entities and topics in news articles using statistical topic models},
  author={Newman, David and Chemudugunta, Chaitanya and Smyth, Padhraic and Steyvers, Mark},
  booktitle={Intelligence and Security Informatics},
  pages={93--104},
  year={2006},
  publisher={Springer}
}
% LDA events
@inproceedings{arora,
  title={Latent dirichlet allocation based multi-document summarization},
  author={Arora, Rachit and Ravindran, Balaraman},
  booktitle={Proceedings of the second workshop on Analytics for noisy unstructured text data},
  pages={91--97},
  year={2008},
  organization={ACM}
}

% LDA bussiness topics
@inproceedings{Maskeri,
 author = {Maskeri, Girish and Sarkar, Santonu and Heafield, Kenneth},
 title = {Mining business topics in source code using latent dirichlet allocation},
 booktitle = {Proceedings of the 1st India software engineering conference},
 series = {ISEC '08},
 year = {2008},
 isbn = {978-1-59593-917-3},
 location = {Hyderabad, India},
 pages = {113--120},
 numpages = {8},
 url = {http://doi.acm.org/10.1145/1342211.1342234},
 doi = {10.1145/1342211.1342234},
 acmid = {1342234},
 publisher = {ACM},
 address = {New York, NY, USA},
 keywords = {LDA, maintenance, program comprehension},
} 


% Precision recall citation
@book{precisionrecall,
  title={Advanced data mining techniques},
  author={Olson, David Louis and Delen, Dursun},
  year={2008},
  publisher={Springer}
}
%% Zhao twitter topic extraction using LDA
@incollection{zhao2011comparing,
  title={Comparing twitter and traditional media using topic models},
  author={Zhao, Wayne Xin and Jiang, Jing and Weng, Jianshu and He, Jing and Lim, Ee-Peng and Yan, Hongfei and Li, Xiaoming},
  booktitle={Advances in Information Retrieval},
  pages={338--349},
  year={2011},
  publisher={Springer}
}

%% Overview of Information Extraction in Twitter
@article{hua_overview,
  title={Information Extraction From Microblogs: A Survey},
  author={Hua, Wen and Huynh, Dat T and Hosseini, Saeid and Lu, Jiaheng and Zhou, Xiaofang},
  year={2006}
}
%% future predictions 
@article{hurriyetoglu,
  title={Estimating the Time between Twitter Messages and Future Events},
  author={H{\"u}rriyetoglu, Ali and Kunneman, Florian and van den Bosch, Antal}
}

%% Situational Awareness information extraction
@inproceedings{vieweg,
  title={Microblogging during two natural hazards events: what twitter may contribute to situational awareness},
  author={Vieweg, Sarah and Hughes, Amanda L and Starbird, Kate and Palen, Leysia},
  booktitle={Proceedings of the 28th international conference on Human factors in computing systems},
  pages={1079--1088},
  year={2010},
  organization={ACM}
}

%user level sentiment analysis
@article{tan,
  title={User-level sentiment analysis incorporating social networks},
  author={Tan, Chenhao and Lee, Lillian and Tang, Jie and Jiang, Long and Zhou, Ming and Li, Ping},
  journal={arXiv preprint arXiv:1109.6018},
  year={2011}
}

% Sentiment classification
@inproceedings{jiang,
  title={Target-dependent twitter sentiment classification},
  author={Jiang, Long and Yu, Mo and Zhou, Ming and Liu, Xiaohua and Zhao, Tiejun},
  booktitle={Proceedings of the 49th Annual Meeting of the Association for Computational Linguistics: Human Language Technologies},
  volume={1},
  pages={151--160},
  year={2011}
}

%% Twitter Summarization
@inproceedings{inouye,
  title={Comparing twitter summarization algorithms for multiple post summaries},
  author={Inouye, David and Kalita, Jugal K},
  booktitle={Privacy, security, risk and trust (passat), 2011 ieee third international conference on and 2011 ieee third international conference on social computing (socialcom)},
  pages={298--306},
  year={2011},
  organization={IEEE}
}

%% Election prediction
@inproceedings{Tumasjan,
  title={Predicting elections with twitter: What 140 characters reveal about political sentiment},
  author={Tumasjan, Andranik and Sprenger, Timm O and Sandner, Philipp G and Welpe, Isabell M},
  booktitle={Proceedings of the fourth international AAAI conference on weblogs and social media},
  pages={178--185},
  year={2010}
}

% Movie prediction 1
@INPROCEEDINGS{Asur, 
author={Asur, S. and Huberman, B.A.}, 
booktitle={Web Intelligence and Intelligent Agent Technology (WI-IAT), 2010 IEEE/WIC/ACM International Conference on}, title={Predicting the Future with Social Media}, 
year={2010}, 
volume={1}, 
pages={492-499}, 
keywords={social networking (online);Twitter.com;Web sites;content sharing;market-based predictors;social media content;social networking;attention;prediction;social media}, 
doi={10.1109/WI-IAT.2010.63},}

% movie prediction 2
@inproceedings{joshi,
  title={Movie reviews and revenues: An experiment in text regression},
  author={Joshi, Mahesh and Das, Dipanjan and Gimpel, Kevin and Smith, Noah A},
  booktitle={Human Language Technologies: The 2010 Annual Conference of the North American Chapter of the Association for Computational Linguistics},
  pages={293--296},
  year={2010},
  organization={Association for Computational Linguistics}
}

% Go twitter classification
@article{go2009twitter,
  title={Twitter sentiment classification using distant supervision},
  author={Go, Alec and Bhayani, Richa and Huang, Lei},
  journal={CS224N Project Report, Stanford},
  pages={1--12},
  year={2009}
}

%% Prediction of stock market
@article{Bollen,
title = "Twitter mood predicts the stock market ",
journal = "Journal of Computational Science ",
volume = "2",
number = "1",
pages = "1 - 8",
year = "2011",
note = "",
issn = "1877-7503",
doi = "10.1016/j.jocs.2010.12.007",
url = "http://www.sciencedirect.com/science/article/pii/S187775031100007X",
author = "Johan Bollen and Huina Mao and Xiaojun Zeng",
keywords = "Social networks",
keywords = "Sentiment tracking",
keywords = "Stock market",
keywords = "Collective mood "
}

% Paper begeleider
@inproceedings{Weerkamp,
    author = {Weerkamp, W. and De Rijke, M.},
    booktitle = {Proceedings of TAIA'12},
    citeulike-article-id = {11962322},
    location = {Portland, USA},
    month = aug,
    posted-at = {2013-01-27 15:53:27},
    priority = {2},
    title = {{Activity Prediction: A Twitter-based Exploration}},
    year = {2012}
}

% Open domain event extraction, temporal
@inproceedings{Ritter,
 author = {Ritter, Alan and Mausam and Etzioni, Oren and Clark, Sam},
 title = {Open domain event extraction from twitter},
 booktitle = {Proceedings of the 18th ACM SIGKDD international conference on Knowledge discovery and data mining},
 series = {KDD '12},
 year = {2012},
 isbn = {978-1-4503-1462-6},
 location = {Beijing, China},
 pages = {1104--1112},
 numpages = {9},
 url = {http://doi.acm.org/10.1145/2339530.2339704},
 doi = {10.1145/2339530.2339704},
 acmid = {2339704},
 publisher = {ACM},
 address = {New York, NY, USA},
 keywords = {information extraction, social media},
}

% Sharifi for microblog summarization
@inproceedings{Sharifi,
 author = {Sharifi, Beaux and Hutton, Mark-Anthony and Kalita, Jugal},
 title = {Summarizing microblogs automatically},
 booktitle = {Human Language Technologies: The 2010 Annual Conference of the North American Chapter of the Association for Computational Linguistics},
 series = {HLT '10},
 year = {2010},
 isbn = {1-932432-65-5},
 location = {Los Angeles, California},
 pages = {685--688},
 numpages = {4},
 url = {http://dl.acm.org/citation.cfm?id=1857999.1858099},
 acmid = {1858099},
 publisher = {Association for Computational Linguistics},
 address = {Stroudsburg, PA, USA},
} 

% Topic extraction
@inproceedings{Zhao,
    abstract = {{Summarizing and analyzing Twitter content is an important and challenging task. In this paper, we propose to extract topical keyphrases as one way to summarize Twitter. We propose a context-sensitive topical PageRank method for keyword ranking and a probabilistic scoring function that considers both relevance and interestingness of keyphrases for keyphrase ranking. We evaluate our proposed methods on a large Twitter data set. Experiments show that these methods are very effective for topical keyphrase extraction.}},
    address = {Stroudsburg, PA, USA},
    author = {Zhao, Wayne X. and Jiang, Jing and He, Jing and Song, Yang and Achananuparp, Palakorn and Lim, Ee P. and Li, Xiaoming},
    booktitle = {Proceedings of the 49th Annual Meeting of the Association for Computational Linguistics: Human Language Technologies - Volume 1},
    citeulike-article-id = {9605611},
    citeulike-linkout-0 = {http://portal.acm.org/citation.cfm?id=2002521},
    isbn = {978-1-932432-87-9},
    location = {Portland, Oregon},
    pages = {379--388},
    posted-at = {2011-08-20 18:43:15},
    priority = {2},
    publisher = {Association for Computational Linguistics},
    series = {HLT '11},
    title = {{Topical keyphrase extraction from Twitter}},
    url = {http://portal.acm.org/citation.cfm?id=2002521},
    year = {2011}
}

% Ritter name entity recognition
@inproceedings{Ritter_namedentity,
 author = {Ritter, Alan and Clark, Sam and Mausam and Etzioni, Oren},
 title = {Named entity recognition in tweets: an experimental study},
 booktitle = {Proceedings of the Conference on Empirical Methods in Natural Language Processing},
 series = {EMNLP '11},
 year = {2011},
 isbn = {978-1-937284-11-4},
 location = {Edinburgh, United Kingdom},
 pages = {1524--1534},
 numpages = {11},
 url = {http://dl.acm.org/citation.cfm?id=2145432.2145595},
 acmid = {2145595},
 publisher = {Association for Computational Linguistics},
 address = {Stroudsburg, PA, USA},
} 

%Machine learning methods for sentiment classification -> SVM performs best, POS tagging not so good.
@inproceedings{Pang,
 author = {Pang, Bo and Lee, Lillian and Vaithyanathan, Shivakumar},
 title = {Thumbs up?: sentiment classification using machine learning techniques},
 booktitle = {Proceedings of the ACL-02 conference on Empirical methods in natural language processing - Volume 10},
 series = {EMNLP '02},
 year = {2002},
 pages = {79--86},
 numpages = {8},
 url = {http://dx.doi.org/10.3115/1118693.1118704},
 doi = {10.3115/1118693.1118704},
 acmid = {1118704},
 publisher = {Association for Computational Linguistics},
 address = {Stroudsburg, PA, USA},
}

% SVM is best on microblogs
@article{pandey,
  title={Sentiment analysis of microblogs},
  author={Pandey, Vipul and Iyer, C},
  journal={Accessed November},
  year={2010}
}

% Time estimating
@article{hurriye,
  title={Estimating the Time between Twitter Messages and Future Events},
  author={H{\"u}rriyetoglu, Ali and Kunneman, Florian and van den Bosch, Antal}
}

% SVM performs good on sentiment classification
@article{go,
  title={Twitter sentiment classification using distant supervision},
  author={Go, Alec and Bhayani, Richa and Huang, Lei},
  journal={CS224N Project Report, Stanford},
  pages={1--12},
  year={2009}
}

% Earthquakes. manier van extraheren van event
@inproceedings{Sakaki,
 author = {Sakaki, Takeshi and Okazaki, Makoto and Matsuo, Yutaka},
 title = {Earthquake shakes Twitter users: real-time event detection by social sensors},
 booktitle = {Proceedings of the 19th international conference on World wide web},
 series = {WWW '10},
 year = {2010},
 isbn = {978-1-60558-799-8},
 location = {Raleigh, North Carolina, USA},
 pages = {851--860},
 numpages = {10},
 url = {http://doi.acm.org/10.1145/1772690.1772777},
 doi = {10.1145/1772690.1772777},
 acmid = {1772777},
 publisher = {ACM},
 address = {New York, NY, USA},
 keywords = {Twitter, earthquake, event detection, location estimation, social sensor},
} 
[download]

}


