@misc{futuresource,
  author = {{Futuresource Consulting}},
  title = {\textit{Digital cameras in decline, though interchangeable lens segment sees growth}},
  howpublished = {Press Release},
  month = {November},
  year = {2013},
  note = {\url{http://www.futuresource-consulting.com/2013-11Cameraspressrelease.html}}
}

@misc{whitefacebook,
  author = {},
  title = {\textit{A Focus on Efficiency}},
  howpublished = {White Paper},
  month = {September},
  year = {2013},
  note = {\url{https://fbcdn-dragon-a.akamaihd.net/hphotos-ak-ash3/851560_196423357203561_929747697_n.pdf}
}